@article{churakov20204,
  title={A 4-lineage statistical suite to evaluate the support of large-scale retrotransposon insertion data to reconstruct evolutionary trees},
  author={Churakov, Gennady and Kuritzin, Andrey and Chukharev, Konstantin and Zhang, Fengjun and W{\"u}nnemann, F and Ulyantsev, Vladimir and Schmitz, Juergen},
  journal={bioRxiv},
  year={2020},
  publisher={Cold Spring Harbor Laboratory}
}

@article{wunnemann2021crispr,
  title={CRISPR perturbations at many coronary artery disease loci impair vascular endothelial cell functions},
  author={W{\"u}nnemann, Florian and Tadjo, Thierry Fotsing and Beaudoin, Melissa and Lalonde, Simon and Lo, Ken Sin and Lettre, Guillaume},
  journal={bioRxiv},
  year={2021},
  publisher={Cold Spring Harbor Laboratory}
}